<?xml version="1.0" encoding="UTF-8"?><collection xmlns="http://www.loc.gov/MARC21/slim"><record><leader>00312nam--2200121-i-4500</leader><controlfield tag="001">000044307</controlfield><controlfield tag="002">20161230</controlfield><controlfield tag="005">20161230201044</controlfield><controlfield tag="008">060222s1000------------r-----000-0-eng-d</controlfield><datafield ind1=" " ind2=" " tag="080"><subfield code="a">614.8:697.9</subfield></datafield><datafield ind1=" " ind2=" " tag="245"><subfield code="a">Teoria si practica ventilatiei cu evacuarea prafului</subfield></datafield><datafield ind1=" " ind2=" " tag="260"><subfield code="a">Bucuresti, I.D.T. 1951, 160p</subfield></datafield><datafield ind1=" " ind2=" " tag="852"><subfield code="a">1338</subfield></datafield></record></collection>